%YAML 1.1
%TAG !u! tag:unity3d.com,2011:
--- !u!1 &5759706054323307672
GameObject:
  m_ObjectHideFlags: 0
  m_CorrespondingSourceObject: {fileID: 0}
  m_PrefabInstance: {fileID: 0}
  m_PrefabAsset: {fileID: 0}
  serializedVersion: 6
  m_Component:
  - component: {fileID: 4903068270481244932}
  - component: {fileID: 8098276808490958345}
  - component: {fileID: 6044220554784069065}
  - component: {fileID: 8029860132889062501}
  - component: {fileID: 6366291601317247719}
  - component: {fileID: 5594938087812339126}
  - component: {fileID: 7743507490680413278}
  - component: {fileID: 6640318304974384145}
  - component: {fileID: 2009712902621268405}
  m_Layer: 0
  m_Name: GameCore
  m_TagString: Untagged
  m_Icon: {fileID: 0}
  m_NavMeshLayer: 0
  m_StaticEditorFlags: 0
  m_IsActive: 1
--- !u!4 &4903068270481244932
Transform:
  m_ObjectHideFlags: 0
  m_CorrespondingSourceObject: {fileID: 0}
  m_PrefabInstance: {fileID: 0}
  m_PrefabAsset: {fileID: 0}
  m_GameObject: {fileID: 5759706054323307672}
  m_LocalRotation: {x: 0, y: 0, z: 0, w: 1}
  m_LocalPosition: {x: -1.3016961, y: -1.4106331, z: -0.8986448}
  m_LocalScale: {x: 1, y: 1, z: 1}
  m_Children:
  - {fileID: 8796499078936005642}
  m_Father: {fileID: 0}
  m_RootOrder: 0
  m_LocalEulerAnglesHint: {x: 0, y: 0, z: 0}
--- !u!114 &8098276808490958345
MonoBehaviour:
  m_ObjectHideFlags: 0
  m_CorrespondingSourceObject: {fileID: 0}
  m_PrefabInstance: {fileID: 0}
  m_PrefabAsset: {fileID: 0}
  m_GameObject: {fileID: 5759706054323307672}
  m_Enabled: 1
  m_EditorHideFlags: 0
  m_Script: {fileID: 11500000, guid: 23558562bf4e382478f84ff66db98e13, type: 3}
  m_Name: 
  m_EditorClassIdentifier: 
--- !u!114 &6044220554784069065
MonoBehaviour:
  m_ObjectHideFlags: 0
  m_CorrespondingSourceObject: {fileID: 0}
  m_PrefabInstance: {fileID: 0}
  m_PrefabAsset: {fileID: 0}
  m_GameObject: {fileID: 5759706054323307672}
  m_Enabled: 1
  m_EditorHideFlags: 0
  m_Script: {fileID: 11500000, guid: 832fb7d91f94c2943bf6c413c1f5b262, type: 3}
  m_Name: 
  m_EditorClassIdentifier: 
  _uiCanvasGameObject: {fileID: 3253581744239014208, guid: 02bfe71cbfa94e54ca291707d191c565,
    type: 3}
--- !u!114 &8029860132889062501
MonoBehaviour:
  m_ObjectHideFlags: 0
  m_CorrespondingSourceObject: {fileID: 0}
  m_PrefabInstance: {fileID: 0}
  m_PrefabAsset: {fileID: 0}
  m_GameObject: {fileID: 5759706054323307672}
  m_Enabled: 1
  m_EditorHideFlags: 0
  m_Script: {fileID: 11500000, guid: 226f333463900b44aa11315c9f63828d, type: 3}
  m_Name: 
  m_EditorClassIdentifier: 
  _minFormationSize: 3
  _maxFormationSize: 5
  _planeSpawners: []
--- !u!114 &6366291601317247719
MonoBehaviour:
  m_ObjectHideFlags: 0
  m_CorrespondingSourceObject: {fileID: 0}
  m_PrefabInstance: {fileID: 0}
  m_PrefabAsset: {fileID: 0}
  m_GameObject: {fileID: 5759706054323307672}
  m_Enabled: 1
  m_EditorHideFlags: 0
  m_Script: {fileID: 11500000, guid: a566815173f381a48bc8e35caafbb022, type: 3}
  m_Name: 
  m_EditorClassIdentifier: 
  roundTimeInSeconds: 120
  _timerText: {fileID: 6827573425709742017}
--- !u!114 &5594938087812339126
MonoBehaviour:
  m_ObjectHideFlags: 0
  m_CorrespondingSourceObject: {fileID: 0}
  m_PrefabInstance: {fileID: 0}
  m_PrefabAsset: {fileID: 0}
  m_GameObject: {fileID: 5759706054323307672}
  m_Enabled: 1
  m_EditorHideFlags: 0
  m_Script: {fileID: 11500000, guid: b240627e7af99c743852548ffbbc75a6, type: 3}
  m_Name: 
  m_EditorClassIdentifier: 
  _scoreText: {fileID: 6082039437440805371}
--- !u!114 &7743507490680413278
MonoBehaviour:
  m_ObjectHideFlags: 0
  m_CorrespondingSourceObject: {fileID: 0}
  m_PrefabInstance: {fileID: 0}
  m_PrefabAsset: {fileID: 0}
  m_GameObject: {fileID: 5759706054323307672}
  m_Enabled: 1
  m_EditorHideFlags: 0
  m_Script: {fileID: 11500000, guid: 713f7a9caace10741a0edec88c6fb314, type: 3}
  m_Name: 
  m_EditorClassIdentifier: 
  _explosionClip: {fileID: 8300000, guid: f372d97605284fb43a7fbe2b71092bfb, type: 3}
--- !u!114 &6640318304974384145
MonoBehaviour:
  m_ObjectHideFlags: 0
  m_CorrespondingSourceObject: {fileID: 0}
  m_PrefabInstance: {fileID: 0}
  m_PrefabAsset: {fileID: 0}
  m_GameObject: {fileID: 5759706054323307672}
  m_Enabled: 1
  m_EditorHideFlags: 0
  m_Script: {fileID: 11500000, guid: db399e7bcf21d6944b47ea06162b326f, type: 3}
  m_Name: 
  m_EditorClassIdentifier: 
--- !u!82 &2009712902621268405
AudioSource:
  m_ObjectHideFlags: 0
  m_CorrespondingSourceObject: {fileID: 0}
  m_PrefabInstance: {fileID: 0}
  m_PrefabAsset: {fileID: 0}
  m_GameObject: {fileID: 5759706054323307672}
  m_Enabled: 1
  serializedVersion: 4
  OutputAudioMixerGroup: {fileID: 0}
  m_audioClip: {fileID: 0}
  m_PlayOnAwake: 1
  m_Volume: 1
  m_Pitch: 1
  Loop: 0
  Mute: 0
  Spatialize: 0
  SpatializePostEffects: 0
  Priority: 128
  DopplerLevel: 1
  MinDistance: 1
  MaxDistance: 500
  Pan2D: 0
  rolloffMode: 0
  BypassEffects: 0
  BypassListenerEffects: 0
  BypassReverbZones: 0
  rolloffCustomCurve:
    serializedVersion: 2
    m_Curve:
    - serializedVersion: 3
      time: 0
      value: 1
      inSlope: 0
      outSlope: 0
      tangentMode: 0
      weightedMode: 0
      inWeight: 0.33333334
      outWeight: 0.33333334
    - serializedVersion: 3
      time: 1
      value: 0
      inSlope: 0
      outSlope: 0
      tangentMode: 0
      weightedMode: 0
      inWeight: 0.33333334
      outWeight: 0.33333334
    m_PreInfinity: 2
    m_PostInfinity: 2
    m_RotationOrder: 4
  panLevelCustomCurve:
    serializedVersion: 2
    m_Curve:
    - serializedVersion: 3
      time: 0
      value: 0
      inSlope: 0
      outSlope: 0
      tangentMode: 0
      weightedMode: 0
      inWeight: 0.33333334
      outWeight: 0.33333334
    m_PreInfinity: 2
    m_PostInfinity: 2
    m_RotationOrder: 4
  spreadCustomCurve:
    serializedVersion: 2
    m_Curve:
    - serializedVersion: 3
      time: 0
      value: 0
      inSlope: 0
      outSlope: 0
      tangentMode: 0
      weightedMode: 0
      inWeight: 0.33333334
      outWeight: 0.33333334
    m_PreInfinity: 2
    m_PostInfinity: 2
    m_RotationOrder: 4
  reverbZoneMixCustomCurve:
    serializedVersion: 2
    m_Curve:
    - serializedVersion: 3
      time: 0
      value: 1
      inSlope: 0
      outSlope: 0
      tangentMode: 0
      weightedMode: 0
      inWeight: 0.33333334
      outWeight: 0.33333334
    m_PreInfinity: 2
    m_PostInfinity: 2
    m_RotationOrder: 4
--- !u!1001 &1702161552237112201
PrefabInstance:
  m_ObjectHideFlags: 0
  serializedVersion: 2
  m_Modification:
    m_TransformParent: {fileID: 4903068270481244932}
    m_Modifications:
    - target: {fileID: 3253581744239014208, guid: 02bfe71cbfa94e54ca291707d191c565,
        type: 3}
      propertyPath: m_Name
      value: UICanvas
      objectReference: {fileID: 0}
    - target: {fileID: 7893749838479861635, guid: 02bfe71cbfa94e54ca291707d191c565,
        type: 3}
      propertyPath: m_LocalPosition.x
      value: 0
      objectReference: {fileID: 0}
    - target: {fileID: 7893749838479861635, guid: 02bfe71cbfa94e54ca291707d191c565,
        type: 3}
      propertyPath: m_LocalPosition.y
      value: 0
      objectReference: {fileID: 0}
    - target: {fileID: 7893749838479861635, guid: 02bfe71cbfa94e54ca291707d191c565,
        type: 3}
      propertyPath: m_LocalPosition.z
      value: 0
      objectReference: {fileID: 0}
    - target: {fileID: 7893749838479861635, guid: 02bfe71cbfa94e54ca291707d191c565,
        type: 3}
      propertyPath: m_LocalRotation.x
      value: 0
      objectReference: {fileID: 0}
    - target: {fileID: 7893749838479861635, guid: 02bfe71cbfa94e54ca291707d191c565,
        type: 3}
      propertyPath: m_LocalRotation.y
      value: 0
      objectReference: {fileID: 0}
    - target: {fileID: 7893749838479861635, guid: 02bfe71cbfa94e54ca291707d191c565,
        type: 3}
      propertyPath: m_LocalRotation.z
      value: 0
      objectReference: {fileID: 0}
    - target: {fileID: 7893749838479861635, guid: 02bfe71cbfa94e54ca291707d191c565,
        type: 3}
      propertyPath: m_LocalRotation.w
      value: 1
      objectReference: {fileID: 0}
    - target: {fileID: 7893749838479861635, guid: 02bfe71cbfa94e54ca291707d191c565,
        type: 3}
      propertyPath: m_RootOrder
      value: 0
      objectReference: {fileID: 0}
    - target: {fileID: 7893749838479861635, guid: 02bfe71cbfa94e54ca291707d191c565,
        type: 3}
      propertyPath: m_LocalEulerAnglesHint.x
      value: 0
      objectReference: {fileID: 0}
    - target: {fileID: 7893749838479861635, guid: 02bfe71cbfa94e54ca291707d191c565,
        type: 3}
      propertyPath: m_LocalEulerAnglesHint.y
      value: 0
      objectReference: {fileID: 0}
    - target: {fileID: 7893749838479861635, guid: 02bfe71cbfa94e54ca291707d191c565,
        type: 3}
      propertyPath: m_LocalEulerAnglesHint.z
      value: 0
      objectReference: {fileID: 0}
    - target: {fileID: 7893749838479861635, guid: 02bfe71cbfa94e54ca291707d191c565,
        type: 3}
      propertyPath: m_AnchoredPosition.x
      value: 0
      objectReference: {fileID: 0}
    - target: {fileID: 7893749838479861635, guid: 02bfe71cbfa94e54ca291707d191c565,
        type: 3}
      propertyPath: m_AnchoredPosition.y
      value: 0
      objectReference: {fileID: 0}
    - target: {fileID: 7893749838479861635, guid: 02bfe71cbfa94e54ca291707d191c565,
        type: 3}
      propertyPath: m_SizeDelta.x
      value: 0
      objectReference: {fileID: 0}
    - target: {fileID: 7893749838479861635, guid: 02bfe71cbfa94e54ca291707d191c565,
        type: 3}
      propertyPath: m_SizeDelta.y
      value: 0
      objectReference: {fileID: 0}
    - target: {fileID: 7893749838479861635, guid: 02bfe71cbfa94e54ca291707d191c565,
        type: 3}
      propertyPath: m_AnchorMin.x
      value: 0
      objectReference: {fileID: 0}
    - target: {fileID: 7893749838479861635, guid: 02bfe71cbfa94e54ca291707d191c565,
        type: 3}
      propertyPath: m_AnchorMin.y
      value: 0
      objectReference: {fileID: 0}
    - target: {fileID: 7893749838479861635, guid: 02bfe71cbfa94e54ca291707d191c565,
        type: 3}
      propertyPath: m_AnchorMax.x
      value: 0
      objectReference: {fileID: 0}
    - target: {fileID: 7893749838479861635, guid: 02bfe71cbfa94e54ca291707d191c565,
        type: 3}
      propertyPath: m_AnchorMax.y
      value: 0
      objectReference: {fileID: 0}
    - target: {fileID: 7893749838479861635, guid: 02bfe71cbfa94e54ca291707d191c565,
        type: 3}
      propertyPath: m_Pivot.x
      value: 0
      objectReference: {fileID: 0}
    - target: {fileID: 7893749838479861635, guid: 02bfe71cbfa94e54ca291707d191c565,
        type: 3}
      propertyPath: m_Pivot.y
      value: 0
      objectReference: {fileID: 0}
    - target: {fileID: 2869311882358114470, guid: 02bfe71cbfa94e54ca291707d191c565,
        type: 3}
      propertyPath: m_OnClick.m_PersistentCalls.m_Calls.Array.data[0].m_Target
      value: 
      objectReference: {fileID: 8098276808490958345}
    - target: {fileID: 2869311882358114470, guid: 02bfe71cbfa94e54ca291707d191c565,
        type: 3}
      propertyPath: m_OnClick.m_PersistentCalls.m_Calls.Array.data[0].m_MethodName
      value: StartRound
      objectReference: {fileID: 0}
    - target: {fileID: 2869311882358114470, guid: 02bfe71cbfa94e54ca291707d191c565,
        type: 3}
      propertyPath: m_OnClick.m_PersistentCalls.m_Calls.Array.data[0].m_Arguments.m_ObjectArgumentAssemblyTypeName
      value: UnityEngine.Object, UnityEngine
      objectReference: {fileID: 0}
    - target: {fileID: 5276997765233244539, guid: 02bfe71cbfa94e54ca291707d191c565,
        type: 3}
      propertyPath: m_OnClick.m_PersistentCalls.m_Calls.Array.data[0].m_Target
      value: 
      objectReference: {fileID: 8098276808490958345}
    - target: {fileID: 5276997765233244539, guid: 02bfe71cbfa94e54ca291707d191c565,
        type: 3}
      propertyPath: m_OnClick.m_PersistentCalls.m_Calls.Array.data[0].m_MethodName
      value: Retry
      objectReference: {fileID: 0}
    - target: {fileID: 5276997765233244539, guid: 02bfe71cbfa94e54ca291707d191c565,
        type: 3}
      propertyPath: m_OnClick.m_PersistentCalls.m_Calls.Array.data[0].m_Arguments.m_ObjectArgumentAssemblyTypeName
      value: UnityEngine.Object, UnityEngine
      objectReference: {fileID: 0}
    m_RemovedComponents: []
  m_SourcePrefab: {fileID: 100100000, guid: 02bfe71cbfa94e54ca291707d191c565, type: 3}
--- !u!224 &8796499078936005642 stripped
RectTransform:
  m_CorrespondingSourceObject: {fileID: 7893749838479861635, guid: 02bfe71cbfa94e54ca291707d191c565,
    type: 3}
  m_PrefabInstance: {fileID: 1702161552237112201}
  m_PrefabAsset: {fileID: 0}
--- !u!114 &6827573425709742017 stripped
MonoBehaviour:
  m_CorrespondingSourceObject: {fileID: 5286983187396353096, guid: 02bfe71cbfa94e54ca291707d191c565,
    type: 3}
  m_PrefabInstance: {fileID: 1702161552237112201}
  m_PrefabAsset: {fileID: 0}
  m_GameObject: {fileID: 0}
  m_Enabled: 1
  m_EditorHideFlags: 0
  m_Script: {fileID: 708705254, guid: f70555f144d8491a825f0804e09c671c, type: 3}
  m_Name: 
  m_EditorClassIdentifier: 
--- !u!114 &6082039437440805371 stripped
MonoBehaviour:
  m_CorrespondingSourceObject: {fileID: 4897933207354786418, guid: 02bfe71cbfa94e54ca291707d191c565,
    type: 3}
  m_PrefabInstance: {fileID: 1702161552237112201}
  m_PrefabAsset: {fileID: 0}
  m_GameObject: {fileID: 0}
  m_Enabled: 1
  m_EditorHideFlags: 0
  m_Script: {fileID: 708705254, guid: f70555f144d8491a825f0804e09c671c, type: 3}
  m_Name: 
  m_EditorClassIdentifier: 
